%Repalce this with your BibTeX library !
@software{stoner_pythoncode,
  author       = {Gavin Burnell and
                  Rowan Temple and
                  joebatley and
                  Petr Čermák},
  title        = {gb119/Stoner-PythonCode: v0.8.1 Bugfix release},
  month        = jul,
  year         = 2018,
  doi          = {10.5281/zenodo.1304442},
  url          ={https://doi.org/10.5281/zenodo.1304442}
}